@Article{Zanin2008,
author = {Zanin, M and Cano, P and Buld\'{u}, JM and Celma, O},
file = {:media/dados/documentos/diogo/trabalhos/Estudos/Mestrado/Artigos/WSEAS08 - Complex Networks.pdf:pdf},
journal = {Proceedings of the 2nd WSEAS International Conference on Computer Engineering and Applications (CEA'08)},
pages = {120--124},
title = {{Complex networks in recommendation systems}},
url = {http://www.wseas.us/e-library/conferences/2008/mexico/cea/19-CEA.pdf},
year = {2008}
}
@Article{Xia2007,
author = {Xia, CH and Towsley, Don and Zhang, C},
file = {:media/dados/documentos/diogo/trabalhos/Estudos/Mestrado/Artigos/streammax.pdf:pdf},
journal = {ICDCS '07 Proceedings of the 27th International Conference on Distributed Computing Systems},
keywords = {allocation and management to,applications is a stream,distributed algorithms,gine that performs resource,gradient methods,multicommodity flow model,processing en-,stream processing,the core of these},
title = {{Distributed resource management and admission control of stream processing systems with max utility}},
url = {http://ieeexplore.ieee.org/xpls/abs\_all.jsp?arnumber=4268221},
year = {2007}
}
@Article{Wehmuth2011,
archivePrefix = {arXiv},
arxivId = {arXiv:1108.1067v1},
author = {Wehmuth, Klaus and Ziviani, Artur},
eprint = {arXiv:1108.1067v1},
file = {:media/dados/documentos/diogo/trabalhos/Estudos/Mestrado/Artigos/lidos/DANCE.pdf:pdf},
journal = {Arxiv preprint arXiv:1108.1067},
title = {{Distributed Assessment of Network Centrality}},
url = {http://arxiv.org/abs/1108.1067},
year = {2011}
}
@Article{Wang2004,
author = {Wang, B. and Sen, S. and Adler, M. and Towsley, D.},
doi = {10.1109/TMM.2003.822788},
file = {:media/dados/documentos/diogo/trabalhos/Estudos/Mestrado/Artigos/redestream.pdf:pdf},
issn = {1520-9210},
journal = {IEEE Transactions on Multimedia},
month = apr,
number = {2},
pages = {366--374},
title = {{Optimal Proxy Cache Allocation for Efficient Streaming Media Distribution}},
url = {http://ieeexplore.ieee.org/lpdocs/epic03/wrapper.htm?arnumber=1275466},
volume = {6},
year = {2004}
}
@Article{Adomavicius2005,
author = {Adomavicius, Gediminas and Tuzhilin, Alexander},
file = {:media/dados/documentos/diogo/trabalhos/Estudos/Mestrado/Artigos/lidos/review-2005.pdf:pdf},
journal = {IEEE Transactions on Knowledge and Data Engineering},
number = {6},
pages = {734 -- 749},
title = {{Towards the Next Generation of Recommender Systems: A Survey of the State-of-the-Art and Possible Extensions}},
volume = {17},
year = {2005}
}
@Article{Bradshaw2005,
author = {Bradshaw, Michael K and Kurose, Jim and Shenoy, Prashant and Towsley, Don},
file = {:media/dados/documentos/diogo/trabalhos/Estudos/Mestrado/Artigos/streamreuse.pdf:pdf},
journal = {Proceedings of the international workshop on Network and operating systems support for digital audio and video (NOSSDAV '05). ACM},
keywords = {and eia-0080119,ani-0085848,any opinions,are those of the,authors and do not,expressed in this material,findings conclusions or recommendations,foundation,modular,multimedia,necessarily reflect the views,of the national science,on work supported by,resource-conserving,the national science foundation,this material is based,under grant nos},
pages = {195 -- 200},
title = {{Online scheduling in modular multimedia systems with stream reuse}},
url = {http://dl.acm.org/citation.cfm?id=1066027},
year = {2005}
}
@Article{Burke2002,
author = {Burke, Robin},
file = {:media/dados/documentos/diogo/trabalhos/Estudos/Mestrado/Artigos/lidos/review-2002.pdf:pdf},
journal = {User modeling and user-adapted interaction},
keywords = {case-based reasoning,collaborative,electronic commerce,ltering,recommender},
pages = {331--370},
title = {{Hybrid recommender systems: Survey and Experiments}},
url = {http://www.springerlink.com/index/N881136032U8K111.pdf},
volume = {12},
year = {2002}
}
@Article{Chakoo2008,
author = {Chakoo, Nalin and Gupta, Rahul and Hiremath, Jayaprada},
doi = {10.1109/FCST.2008.36},
file = {:media/dados/documentos/diogo/trabalhos/Estudos/Mestrado/Artigos/lidos/VideoRec.pdf:pdf},
isbn = {978-0-7695-3540-1},
journal = {2008 Japan-China Joint Workshop on Frontier of Computer Science and Technology},
month = dec,
pages = {181--185},
publisher = {Ieee},
title = {{Towards Better Content Visibility in Video Recommender Systems}},
url = {http://ieeexplore.ieee.org/lpdocs/epic03/wrapper.htm?arnumber=4736526},
volume = {201305},
year = {2008}
}
@Article{Davidson2010,
author = {Davidson, James and Liebald, Benjamin and Liu, Junning and Nandy, Palash and Vleet, Taylor Van},
file = {:media/dados/documentos/diogo/trabalhos/Estudos/Mestrado/Artigos/lidos/YouTube\_p293-davidson.pdf:pdf},
isbn = {9781605589060},
journal = {Proceedings of the fourth ACM conference on Recommender systems (RecSys '10). ACM},
pages = {293--296},
title = {{The YouTube Video Recommendation System}},
year = {2010}
}
@Article{Ghazanfar2010,
author = {Ghazanfar, M and Pr\"{u}gel-Bennett, A},
file = {:media/dados/documentos/diogo/trabalhos/Estudos/Mestrado/Artigos/lidos/IMECS2010\_pp493-502.pdf:pdf},
isbn = {9789881701282},
journal = {Proceedings of the International MultiConference of Engineers and Computer Scientists},
keywords = {collabora-,content-based filtering,hybrid recommender systems,naive bayes,tive filtering},
title = {{An Improved Switching Hybrid Recommender System Using Naive Bayes Classifier and Collaborative Filtering}},
url = {http://eprints.ecs.soton.ac.uk/18483/4/indexcodes.txt},
volume = {1},
year = {2010}
}
@Article{Hirsch2000,
author = {Hirsch, HG and Pearce, D},
file = {:media/dados/documentos/diogo/trabalhos/Estudos/Mestrado/Artigos/lidos/asr0\_181.pdf:pdf},
journal = {Speech Recognition: Challenges for the},
title = {{The Aurora experimental framework for the performance evaluation of speech recognition systems under noisy conditions}},
url = {http://www.isca-speech.org/archive\_open/asr2000/asr0\_181.html},
year = {2000}
}
@Article{Lelarge2005,
author = {Lelarge, M. and Liu, Z. and Towsley, D. and Xia, C.},
file = {:media/dados/documentos/diogo/trabalhos/Estudos/Mestrado/Artigos/report-streaming.pdf:pdf},
journal = {UMass-Amherst Computer Science Technical Report},
title = {{A queueing perspective for stream processing networks}},
year = {2005}
}
@Article{Mei,
author = {Mei, Tao and Yang, B and Hua, XS and Yang, L},
file = {:media/dados/documentos/diogo/trabalhos/Estudos/Mestrado/Artigos/lidos/SIGIR07.pdf:pdf},
isbn = {9781595935977},
journal = {Proceedings of the 30th annual international ACM SIGIR conference on Research and development in information retrieval (SIGIR '07). ACM},
keywords = {all kinds of video-related,and a sample image,apple,but does not match,for a,for example,information,is quite relevant with,most relevant videos according,or,orange,recommender to find the,to,while it is important},
pages = {767--768},
title = {{VideoReach: an online video recommendation system}},
url = {http://dl.acm.org/citation.cfm?id=1277899},
year = {2007}
}
@Article{Oh2009,
author = {Oh, Yoo and Yoon, Jae and Kim, Hong and Kim, Myung and Kim, Sang},
doi = {10.1109/TCE.2009.5373726},
file = {:media/dados/documentos/diogo/trabalhos/Estudos/Mestrado/Artigos/lidos/05373726.pdf:pdf},
issn = {0098-3063},
journal = {IEEE Transactions on Consumer Electronics},
month = nov,
number = {4},
pages = {1739--1747},
title = {{A voice-driven scene-mode recommendation service for portable digital imaging devices}},
url = {http://ieeexplore.ieee.org/lpdocs/epic03/wrapper.htm?arnumber=5373726},
volume = {55},
year = {2009}
}
@Article{Palau2004,
author = {Palau, J and Montaner, Miquel and L\'{o}pez, B and Rosa, J. L.},
file = {:media/dados/documentos/diogo/trabalhos/Estudos/Mestrado/Artigos/palau\_cia04\_final.pdf:pdf},
journal = {Lecture Notes in Computer Science},
keywords = {collaboration analysis,electronic communities,recommender systems,social net-},
pages = {137--151},
title = {{Collaboration analysis in recommender systems using social networks}},
url = {http://www.springerlink.com/index/GJ8HFV7BQ2P6GXD0.pdf},
volume = {3191},
year = {2004}
}
@Article{Satyanarayana2007,
author = {Satyanarayana, K and Rajagopalan, P. S.},
file = {:media/dados/documentos/diogo/trabalhos/Estudos/Mestrado/Artigos/lidos/fuzzy classification.pdf:pdf},
journal = {International Journal of Soft Computing},
pages = {588--591},
title = {{Fuzzy Classification for Recommender Systems}},
volume = {5},
year = {2007}
}
@Article{Sen1999,
author = {Sen, S and Basso, A},
file = {:media/dados/documentos/diogo/trabalhos/Estudos/Mestrado/Artigos/smoothing.pdf:pdf},
journal = {Conference, 1999. GLOBECOM'},
title = {{A smoothing proxy service for variable-bit-rate streaming video}},
url = {http://ieeexplore.ieee.org/xpls/abs\_all.jsp?arnumber=832476},
year = {1999}
}
@Article{Spiegel2009,
author = {Spiegel, Stephan and Kunegis, J and Li, Fang},
file = {:media/dados/documentos/diogo/trabalhos/Estudos/Mestrado/Artigos/lidos/p75.pdf:pdf},
isbn = {9781605588070},
journal = {Proceeding of the 1st ACM international},
keywords = {cross-linked data,hybrid recommender,matrix factorization},
pages = {75--80},
title = {{Hydra: a hybrid recommender system}},
url = {http://dl.acm.org/citation.cfm?id=1651289},
year = {2009}
}
@Article{Srikumar2004,
author = {Srikumar, Krishnamoorthy and Bhasker, Bharat},
file = {:media/dados/documentos/diogo/trabalhos/Estudos/Mestrado/Artigos/produts.pdf:pdf},
journal = {Journal of Electronic Commerce Research},
keywords = {clustering,customer profiling,e-commerce,product selection,recommender systems},
pages = {216--227},
title = {{Personalized product selection in Internet business}},
url = {http://www.isy.vcu.edu/~jsutherl/Info658/PERSPRODS.pdf},
year = {2004}
}
@Article{Stormer2006,
author = {Stormer, H and Werro, N and Risch, D},
file = {:media/dados/documentos/diogo/trabalhos/Estudos/Mestrado/Artigos/lidos/fuzzy recomenda.pdf:pdf},
journal = {CollECTeR Europe 2006},
number = {June},
title = {{Recommending Products with a Fuzzy Classification}},
url = {http://citeseerx.ist.psu.edu/viewdoc/download?doi=10.1.1.120.1103\&amp;rep=rep1\&amp;type=pdf\#page=37},
year = {2006}
}
@Article{Wang2009,
author = {Wang, Bing and Wei, Wei and Guo, Zheng and Towsley, Don},
doi = {10.1145/1556134.1556142},
file = {:media/dados/documentos/diogo/trabalhos/Estudos/Mestrado/Artigos/bwang-mpath-TCP.pdf:pdf},
issn = {15516857},
journal = {ACM Transactions on Multimedia Computing, Communications, and Applications},
month = aug,
number = {3},
pages = {1--23},
title = {{Multipath live streaming via TCP}},
url = {http://portal.acm.org/citation.cfm?doid=1556134.1556142},
volume = {5},
year = {2009}
}
@Article{Wang2004a,
author = {Wang, B and Kurose, J and Shenoy, P and Towsley, D},
file = {:media/dados/documentos/diogo/trabalhos/Estudos/Mestrado/Artigos/stream-performace.pdf:pdf},
isbn = {1581136641},
journal = {Proceedings of the 12th annual ACM international conference on Multimedia (MULTIMEDIA '04). ACM},
keywords = {be adequate,by the last-mile access,direct tcp streaming may,in the situations where,kbps - 1 mbps,link,mance study indicates that,multimedia streaming,our perfor-,performance modeling,the available end-end band-,width is only constrained},
pages = {908--915},
title = {{Multimedia streaming via TCP: an analytic performance study}},
url = {http://dl.acm.org/citation.cfm?id=1027735},
year = {2004}
}
