@article{angrishi2017turning,
  author    = {Kishore Angrishi},
  title     = {{T}urning {I}nternet of {T}hings ({IoT}) into Internet of Vulnerabilities ({IoV}): {IoT} Botnets},
  journal   = {CoRR},
  volume    = {abs/1702.03681},
  year      = {2017},
  }

% https://www.usenix.org/conference/usenixsecurity17/technical-sessions/presentation/antonakakis
@inproceedings{antonakakis2017understanding,
  title={Understanding the {M}irai botnet},
  author = {Manos Antonakakis and Tim April and Michael Bailey and Matt Bernhard and Elie Bursztein and Jaime Cochran and Zakir Durumeric and J. Alex Halderman and Luca Invernizzi and Michalis Kallitsis and Deepak Kumar and Chaz Lever and Zane Ma and Joshua Mason and Damian Menscher and Chad Seaman and Nick Sullivan and Kurt Thomas and Yi Zhou},
  booktitle = {26th {USENIX} Security Symposium ({USENIX} Security 17)},
  pages={1093--1110},
  year={2017},
  address = {Vancouver, BC},
  publisher = {{USENIX} Association},
}

@inproceedings{avritzer2019pptam,
  title={{PPTAM}: {P}roduction and {P}erformance {T}esting {B}ased {A}pplication {M}onitoring},
  author={Avritzer, Alberto and Menasch{\'e}, Daniel and Rufino, Vilc and Russo, Barbara and Janes, Andrea and Ferme, Vincenzo and van Hoorn, Andr{\'e} and Schulz, Henning},
  booktitle={Companion of the 2019 ACM/SPEC International Conference on Performance Engineering},
  pages={39--40},
  year={2019}
}

% http://www.numdam.org/article/NAM_1869_2_8__17_0.pdf
@inproceedings{mikusinski1955methode,
  title={Sur la m{\'e}thode d'approximation de {N}ewton},
  author={M. Darboux},
  booktitle={Nouvelles Annales de Mathématiques},
  volume={8},
  pages={17--27},
  year={1869}
}

@inproceedings{ganesh2005effect,
  title={The effect of network topology on the spread of epidemics},
  author={Ganesh, Ayalvadi and Massouli{\'e}, Laurent and Towsley, Don},
  booktitle={INFOCOM},
  volume={2},
  pages={1455--1466},
  year={2005}
}

% https://royalsocietypublishing.org/doi/full/10.1098/rsif.2005.0051
@article{keeling2005networks,
  title={Networks and epidemic models},
  author={Keeling, Matt J and Eames, Ken T D},
  journal={Journal of the Royal Society Interface},
  volume={2},
  number={4},
  pages={295--307},
  year={2005},
  publisher={The Royal Society London}
}


% https://dl.acm.org/citation.cfm?id=2025239
@book{kelly1979reversibility,
  author={Kelly, Frank P},
  title={Reversibility and Stochastic Networks},
  year={1979},
  publisher={John Wiley},
  isbn = {},
  address = {New York},
 }


@article{kolias2017ddos,
  title={{DDoS in the IoT: Mirai and other Botnets}},
  author={Kolias, Constantinos and Kambourakis, Georgios and Stavrou, Angelos and Voas, Jeffrey},
  journal={Computer},
  volume={50},
  number={7},
  pages={80--84},
  year={2017},
}


@misc{krebs2016krebsonsecurity,
title={Krebsonsecurity hit with record DDoS},
author= {B. Krebs},
year={2016},
note={\url{https://tinyurl.com/krebs2019}}
}

@techreport{lee2017ramsomware,
	author	= {Bryan Lee},
	Title	= {Ransomware: Unlocking the Lucrative Criminal Business Model},
	institution = {Palo Alto Networks},
	year = {2017},
	month = {11},
	note	= {\url{https://www.paloaltonetworks.com/}}
}

% https://ieeexplore.ieee.org/abstract/document/8538636
@inproceedings{marzano2018evolution,
  title={The Evolution of {B}ashlite and {M}irai {IoT} Botnets},
  author={Marzano, Artur and Alexander, David and Fonseca, Osvaldo and Fazzion, Elverton and Hoepers, Cristine and Steding-Jessen, Klaus and Chaves, Marcelo HPC and Cunha, {\'I}talo and Guedes, Dorgival and Meira, Wagner},
  booktitle={2018 IEEE Symposium on Computers and Communications (ISCC)},
  pages={813--818},
  year={2018}
}

@misc{peterson,
title={{ICS} Security Patching: Never, Next, Now},
author={Dale Peterson},
year={2019},
note={\url{https://tinyurl.com/wperf2019b}}
}

@inproceedings{rufino2018contaminaccao,
  title={Contamina{\c{c}}{\~a}o Epid{\^e}mica em Redes: Imunidade Coletiva e Suas Implica{\c{c}}{\~o}es Frente a Atacantes Estrat{\'e}gicos},
  author={Rufino, Vilc and Menasch, Daniel and Cunha, Italo and Lima, Cabral and de Aguiar, Leandro P},
  booktitle={Anais do XVII Workshop em Desempenho de Sistemas Computacionais e de Comunica{\c{c}}{\~a}o},
  year={2018},
  organization={SBC}
}

@inproceedings{rufino2019dilemas,
  title={Dilemas Frente Epidemias Estrat{\'e}gicas: Vacinar ou Reiniciar?},
  author={Rufino, Vilc and Menasch{\'e}, Daniel and Cunha, Italo and Lima, Cabral and de Aguiar, Leandro P},
  booktitle={Anais do XVIII Workshop em Desempenho de Sistemas Computacionais e de Comunica{\c{c}}{\~a}o},
  year={2019},
  organization={SBC}
}

@article{ratton,
    author = {João Vitor B. Tavares and Giulio Iacobelli and Daniel R. Figueiredo},
    title = {Simulação escalável de epidemias em redes baseadas em passeios aleatórios},
    journal = {17º Workshop em Desempenho de Sistemas Computacionais e de Comunicação (WPerformance 2018)},
    volume = {17},
    year = {2018},
    keywords = {},
    issn = {2595-6167},
    publisher = {SBC},
    address = {Porto Alegre, RS, Brasil},
}


% https://dl.acm.org/citation.cfm?id=3084455
@article{wang2017characterizing,
  title={Characterizing and Modeling Patching Practices of Industrial Control Systems},
  author={Wang, Brandon and Li, Xiaoye and de Aguiar, Leandro P and Menasche, Daniel S and Shafiq, Zubair},
  journal={Proceedings of the ACM on Measurement and Analysis of Computing Systems (POMACS)},
  volume={1},
  number={1},
  pages={18},
  year={2017},
  publisher={ACM}
}

@misc{dynddos,
    author = {Kyle York},
	title = {{Dyn Statement on 10/21/2016 DDoS Attack}},
	note = {\url{http://dyn.com/blog/dyn-statement-on-10212016-ddos-attack/}},
	year = {2016}
}

% https://kilthub.cmu.edu/articles/Network_Process_How_Topology_Impacts_the_Dynamics_of_Epidemics_and_Cascading_Failures/7346633/files/13575083.pdf
@phdthesis{zhang2015Network,
    title    = {Network Process: How Topology Impacts the Dynamics of Epidemics and Cascading Failures},
    author   = {Zhang, June},
    year     = {2015},
    school   = {Carnegie Mellon University},
    type     = {{PhD} dissertation}
}

% https://academic.oup.com/comnet/article-abstract/5/5/712/3827655
@article{zhang2017contact,
  title={Contact process with exogenous infection and the scaled SIS process},
  author={Zhang, June and Moura, Jos{\'e} M F},
  journal={Journal of Complex Networks},
  volume={5},
  number={5},
  pages={712--733},
  year={2017},
  publisher={Oxford University Press}
}

% https://ieeexplore.ieee.org/abstract/document/8461688
@inproceedings{zhang2018more,
  title     = {Who is More at Risk in Heterogenous Networks?},
  author    = {Zhang, June and Moura, Jose M. F.},
  booktitle = {Proc. 2018 IEEE International Conference on Acoustics, Speech and Signal Processing (ICASSP)},
  pages     = {1--5},
  year      = {2018},
  address={Calgary, AB, Canada},
  month={April}
}

